<?xml version='1.0' encoding='UTF-8'?>
<record xmlns="http://www.loc.gov/MARC21/slim">
  <leader>01742cam a22003855  4500</leader>
  <controlfield tag="001">2750984</controlfield>
  <controlfield tag="003">NjP</controlfield>
  <controlfield tag="005">20171010172049.0</controlfield>
  <controlfield tag="008">870403s1959    sy            000 0 arard</controlfield>
  <datafield tag="024" ind1="7" ind2=" ">
    <subfield code="a">princeton_aco002379</subfield>
    <subfield code="2">local</subfield>
  </datafield>
  <datafield ind1=" " ind2=" " tag="035">
    <subfield code="a">(OCoLC)ocn178165904</subfield>
  </datafield>
  <datafield ind1=" " ind2=" " tag="035">
    <subfield code="a">(OCoLC)ocm15480987</subfield>
  </datafield>
  <datafield ind1=" " ind2=" " tag="035">
    <subfield code="a">(OCoLC)178165904</subfield>
  </datafield>
  <datafield ind1=" " ind2=" " tag="035">
    <subfield code="9">CNE3192TS</subfield>
  </datafield>
  <datafield ind1=" " ind2=" " tag="035">
    <subfield code="a">(NjP)2750984</subfield>
  </datafield>
  <datafield ind1=" " ind2=" " tag="040">
    <subfield code="a">WAU</subfield>
    <subfield code="c">PUL</subfield>
    <subfield code="d">PUL</subfield>
  </datafield>
  <datafield ind1=" " ind2=" " tag="049">
    <subfield code="a">PULL</subfield>
  </datafield>
  <datafield ind1=" " ind2=" " tag="079">
    <subfield code="a">ocm15480987</subfield>
  </datafield>
  <datafield ind1="1" ind2=" " tag="100">
    <subfield code="6">880-01</subfield>
    <subfield code="a">Ṭanṭāwī, ʻAlī,</subfield>
    <subfield code="d">1909-</subfield>
    <subfield code="0">http://id.loc.gov/authorities/names/n83066606</subfield>
  </datafield>
  <datafield ind1="0" ind2="0" tag="245">
    <subfield code="6">880-02</subfield>
    <subfield code="a">Akhbār ʻUmar,</subfield>
    <subfield code="b">wa-akhbār ʻAbd Allāh ibn ʻUmar,</subfield>
    <subfield code="c">taʼlīf ʻAlī al-Ṭanṭāwī [wa-] Nājī al-Ṭanṭāwī.</subfield>
  </datafield>
  <datafield ind1=" " ind2=" " tag="250">
    <subfield code="6">880-03</subfield>
    <subfield code="a">al-Ṭabʻah 1.</subfield>
  </datafield>
  <datafield ind1=" " ind2=" " tag="260">
    <subfield code="6">880-04</subfield>
    <subfield code="a">Dimashq,</subfield>
    <subfield code="b">Dār al-Fikr</subfield>
    <subfield code="c">[1959]</subfield>
  </datafield>
  <datafield ind1=" " ind2=" " tag="300">
    <subfield code="a">624 p. ;</subfield>
    <subfield code="c">24 cm.</subfield>
  </datafield>
  <datafield ind1="0" ind2="0" tag="600">
    <subfield code="6">880-05</subfield>
    <subfield code="a">ʻUmar ibn al-Khaṭṭāb,</subfield>
    <subfield code="c">Caliph,</subfield>
    <subfield code="d">-644</subfield>
    <subfield code="0">http://id.loc.gov/authorities/names/n81042737</subfield>
  </datafield>
  <datafield ind1="0" ind2="0" tag="600">
    <subfield code="6">880-06</subfield>
    <subfield code="a">ʻAbd Allāh ibn ʻUmar ibn al-Khaṭṭāb,</subfield>
    <subfield code="d">d. 693.</subfield>
    <subfield code="0">http://id.loc.gov/authorities/names/n84041611</subfield>
  </datafield>
  <datafield ind1="1" ind2=" " tag="700">
    <subfield code="6">880-07</subfield>
    <subfield code="a">Ṭanṭāwī, Nājī,</subfield>
    <subfield code="d">1914-</subfield>
  </datafield>
  <datafield ind1="1" ind2=" " tag="880">
    <subfield code="6">100-01/r</subfield>
    <subfield code="a">طنطاوي، علي،</subfield>
    <subfield code="d">1909-</subfield>
  </datafield>
  <datafield ind1="0" ind2="0" tag="880">
    <subfield code="6">245-02/r</subfield>
    <subfield code="a">اخبار عمر،</subfield>
    <subfield code="b">واخبار عبد الله بن عمر،</subfield>
    <subfield code="c">تأليف علي الطنطاوي [و] ناجي الطنطاوي.</subfield>
  </datafield>
  <datafield ind1=" " ind2=" " tag="880">
    <subfield code="6">250-03/r</subfield>
    <subfield code="a">الطبعة 1.</subfield>
  </datafield>
  <datafield ind1=" " ind2=" " tag="880">
    <subfield code="6">260-04/r</subfield>
    <subfield code="a">دمشق،</subfield>
    <subfield code="b">دار الفكر</subfield>
    <subfield code="c">[1959]</subfield>
  </datafield>
  <datafield ind1="0" ind2="0" tag="880">
    <subfield code="6">600-05/r</subfield>
    <subfield code="a">عمر بن الخطاب،</subfield>
    <subfield code="c">Caliph,</subfield>
    <subfield code="d">d. 644.</subfield>
  </datafield>
  <datafield ind1="0" ind2="0" tag="880">
    <subfield code="6">600-06/r</subfield>
    <subfield code="a">عبد الله بن عمر بن الخطاب، .</subfield>
    <subfield code="d">d. 693.</subfield>
  </datafield>
  <datafield ind1="1" ind2=" " tag="880">
    <subfield code="6">700-07/r</subfield>
    <subfield code="a">طنطاوي، ناجي،</subfield>
    <subfield code="d">1914-</subfield>
  </datafield>
  <datafield ind1=" " ind2=" " tag="911">
    <subfield code="a">20000130</subfield>
  </datafield>
  <datafield ind1=" " ind2=" " tag="994">
    <subfield code="a">C0</subfield>
    <subfield code="b">PUL</subfield>
  </datafield>
  <datafield ind1=" " ind2=" " tag="999">
    <subfield code="a">2750984</subfield>
  </datafield>
  <datafield ind1="0" ind2="0" tag="852">
    <subfield code="0">3061706</subfield>
    <subfield code="b">nec</subfield>
    <subfield code="t">1</subfield>
    <subfield code="h">DS38.4.U43</subfield>
    <subfield code="i">T368 1959</subfield>
  </datafield>
  <datafield ind1=" " ind2=" " tag="959">
    <subfield code="a">2009-07-02 12:49:51 -0400</subfield>
  </datafield>
</record>
